% This file was created with JabRef 2.10.
% Encoding: Cp1250


@Article{Robin2014,
  Title                    = {Adapting Binary Information Retrieval Evaluation Metrics for Segment-based Retrieval Tasks},
  Author                   = {Robin, Aly and Maria, Eskevich and Roeland, Ordelman and Gareth J.F., Jones},
  Year                     = {2014},

  Owner                    = {x},
  Timestamp                = {2014.09.18}
}

